@INPROCEEDINGS{1986SPIE..627..733T,
       author = {{Tody}, Doug},
        title = "{The IRAF Data Reduction and Analysis System}",
    booktitle = {Instrumentation in astronomy VI},
         year = 1986,
       editor = {{Crawford}, David L.},
       series = {Society of Photo-Optical Instrumentation Engineers (SPIE) Conference Series},
       volume = {627},
        month = jan,
        pages = {733},
          doi = {10.1117/12.968154},
       adsurl = {https://ui.adsabs.harvard.edu/abs/1986SPIE..627..733T},
      adsnote = {Provided by the SAO/NASA Astrophysics Data System}
}

@INPROCEEDINGS{1993ASPC...52..173T,
       author = {{Tody}, Doug},
        title = "{IRAF in the Nineties}",
    booktitle = {Astronomical Data Analysis Software and Systems II},
         year = 1993,
       editor = {{Hanisch}, R.~J. and {Brissenden}, R.~J.~V. and {Barnes}, J.},
       series = {Astronomical Society of the Pacific Conference Series},
       volume = {52},
        month = jan,
        pages = {173},
       adsurl = {https://ui.adsabs.harvard.edu/abs/1993ASPC...52..173T},
      adsnote = {Provided by the SAO/NASA Astrophysics Data System}
}

@INPROCEEDINGS{2014ASPC..485..391C,
       author = {{Currie}, M.~J. and {Berry}, D.~S. and {Jenness}, T. and {Gibb}, A.~G. and {Bell}, G.~S. and {Draper}, P.~W.},
        title = "{Starlink Software in 2013}",
    booktitle = {Astronomical Data Analysis Software and Systems XXIII},
         year = 2014,
       editor = {{Manset}, N. and {Forshay}, P.},
       series = {Astronomical Society of the Pacific Conference Series},
       volume = {485},
        month = may,
        pages = {391},
       adsurl = {https://ui.adsabs.harvard.edu/abs/2014ASPC..485..391C},
      adsnote = {Provided by the SAO/NASA Astrophysics Data System}
}

@INPROCEEDINGS{2014SPIE.9147E..8HP,
       author = {{Piascik}, A.~S. and {Steele}, Iain A. and {Bates}, Stuart D. and
         {Mottram}, Christopher J. and {Smith}, R.~J. and {Barnsley}, R. M. and {Bolton}, B.},
        title = "{SPRAT: Spectrograph for the Rapid Acquisition of Transients}",
    booktitle = {Proc. SPIE},
         year = "2014",
       series = {Society of Photo-Optical Instrumentation Engineers (SPIE) Conference Series},
       volume = {9147},
        month = "Jul",
          eid = {91478H},
        pages = {91478H},
          doi = {10.1117/12.2055117},
       adsurl = {https://ui.adsabs.harvard.edu/abs/2014SPIE.9147E..8HP},
      adsnote = {Provided by the SAO/NASA Astrophysics Data System}
}

@ARTICLE{2020JOSS....5.2308P,
       author = {{Prochaska}, J. and {Hennawi}, Joseph and {Westfall}, Kyle and {Cooke}, Ryan and {Wang}, Feige and {Hsyu}, Tiffany and {Davies}, Frederick and {Farina}, Emanuele and {Pelliccia}, Debora},
        title = "{PypeIt: The Python Spectroscopic Data Reduction Pipeline}",
      journal = {The Journal of Open Source Software},
     keywords = {C, Python, data reduction, Jupyter Notebook, spectroscopy, astronomy, Astrophysics - Instrumentation and Methods for Astrophysics},
         year = 2020,
        month = dec,
       volume = {5},
       number = {56},
          eid = {2308},
        pages = {2308},
          doi = {10.21105/joss.02308},
archivePrefix = {arXiv},
       eprint = {2005.06505},
 primaryClass = {astro-ph.IM},
       adsurl = {https://ui.adsabs.harvard.edu/abs/2020JOSS....5.2308P},
      adsnote = {Provided by the SAO/NASA Astrophysics Data System}
}



@MISC{pypeit:zenodo,
       author = {{Prochaska}, J. Xavier and {Hennawi}, Joseph and {Cooke}, Ryan and
         {Westfall}, Kyle and {Wang}, Feige and {EmAstro} and {Tiffanyhsyu} and
         {Wasserman}, Asher and {Villaume}, Alexa and {Marijana777} and
         {Schindler}, JT and {Young}, David and {Simha}, Sunil and
         {Wilde}, Matt and {Tejos}, Nicolas and {Isbell}, Jacob and
         {Fl{\"o}rs}, Andreas and {Sandford}, Nathan and {Vasovi{\'c}}, Zlatan and
         {Betts}, Edward and {Holden}, Brad},
        title = "{pypeit/PypeIt: Release 1.0.0}",
         year = 2020,
        month = apr,
          eid = {10.5281/zenodo.3743493},
          doi = {10.5281/zenodo.3743493},
      version = {v1.0.0},
    publisher = {Zenodo},
       adsurl = {https://ui.adsabs.harvard.edu/abs/2020zndo...3743493P},
      adsnote = {Provided by the SAO/NASA Astrophysics Data System}
}

@ARTICLE{2021A&A...646A..32P,
       author = {{Piskunov}, Nikolai and {Wehrhahn}, Ansgar and {Marquart}, Thomas},
        title = "{Optimal extraction of echelle spectra: Getting the most out of observations}",
      journal = {\aap},
     keywords = {instrumentation: spectrographs, methods: data analysis, techniques: spectroscopic, methods: numerical, Astrophysics - Instrumentation and Methods for Astrophysics},
         year = 2021,
        month = feb,
       volume = {646},
          eid = {A32},
        pages = {A32},
          doi = {10.1051/0004-6361/202038293},
archivePrefix = {arXiv},
       eprint = {2008.05827},
 primaryClass = {astro-ph.IM},
       adsurl = {https://ui.adsabs.harvard.edu/abs/2021A&A...646A..32P},
      adsnote = {Provided by the SAO/NASA Astrophysics Data System}
}

@article{astropy:2013,
Adsnote = {Provided by the SAO/NASA Astrophysics Data System},
Adsurl = {http://adsabs.harvard.edu/abs/2013A%26A...558A..33A},
Archiveprefix = {arXiv},
Author = {{Astropy Collaboration} and {Robitaille}, T.~P. and {Tollerud}, E.~J. and {Greenfield}, P. and {Droettboom}, M. and {Bray}, E. and {Aldcroft}, T. and {Davis}, M. and {Ginsburg}, A. and {Price-Whelan}, A.~M. and {Kerzendorf}, W.~E. and {Conley}, A. and {Crighton}, N. and {Barbary}, K. and {Muna}, D. and {Ferguson}, H. and {Grollier}, F. and {Parikh}, M.~M. and {Nair}, P.~H. and {Unther}, H.~M. and {Deil}, C. and {Woillez}, J. and {Conseil}, S. and {Kramer}, R. and {Turner}, J.~E.~H. and {Singer}, L. and {Fox}, R. and {Weaver}, B.~A. and {Zabalza}, V. and {Edwards}, Z.~I. and {Azalee Bostroem}, K. and {Burke}, D.~J. and {Casey}, A.~R. and {Crawford}, S.~M. and {Dencheva}, N. and {Ely}, J. and {Jenness}, T. and {Labrie}, K. and {Lim}, P.~L. and {Pierfederici}, F. and {Pontzen}, A. and {Ptak}, A. and {Refsdal}, B. and {Servillat}, M. and {Streicher}, O.},
Doi = {10.1051/0004-6361/201322068},
Eid = {A33},
Eprint = {1307.6212},
Journal = {\aap},
Keywords = {methods: data analysis, methods: miscellaneous, virtual observatory tools},
Month = oct,
Pages = {A33},
Primaryclass = {astro-ph.IM},
Title = {{Astropy: A community Python package for astronomy}},
Volume = 558,
Year = 2013,
Bdsk-Url-1 = {https://dx.doi.org/10.1051/0004-6361/201322068}}

@ARTICLE{astropy:2018,
       author = {{Astropy Collaboration} and {Price-Whelan}, A.~M. and
         {Sip{\H{o}}cz}, B.~M. and {G{\"u}nther}, H.~M. and {Lim}, P.~L. and
         {Crawford}, S.~M. and {Conseil}, S. and {Shupe}, D.~L. and
         {Craig}, M.~W. and {Dencheva}, N. and {Ginsburg}, A. and {Vand
        erPlas}, J.~T. and {Bradley}, L.~D. and {P{\'e}rez-Su{\'a}rez}, D. and
         {de Val-Borro}, M. and {Aldcroft}, T.~L. and {Cruz}, K.~L. and
         {Robitaille}, T.~P. and {Tollerud}, E.~J. and {Ardelean}, C. and
         {Babej}, T. and {Bach}, Y.~P. and {Bachetti}, M. and {Bakanov}, A.~V. and
         {Bamford}, S.~P. and {Barentsen}, G. and {Barmby}, P. and
         {Baumbach}, A. and {Berry}, K.~L. and {Biscani}, F. and {Boquien}, M. and
         {Bostroem}, K.~A. and {Bouma}, L.~G. and {Brammer}, G.~B. and
         {Bray}, E.~M. and {Breytenbach}, H. and {Buddelmeijer}, H. and
         {Burke}, D.~J. and {Calderone}, G. and {Cano Rodr{\'\i}guez}, J.~L. and
         {Cara}, M. and {Cardoso}, J.~V.~M. and {Cheedella}, S. and {Copin}, Y. and
         {Corrales}, L. and {Crichton}, D. and {D'Avella}, D. and {Deil}, C. and
         {Depagne}, {\'E}. and {Dietrich}, J.~P. and {Donath}, A. and
         {Droettboom}, M. and {Earl}, N. and {Erben}, T. and {Fabbro}, S. and
         {Ferreira}, L.~A. and {Finethy}, T. and {Fox}, R.~T. and
         {Garrison}, L.~H. and {Gibbons}, S.~L.~J. and {Goldstein}, D.~A. and
         {Gommers}, R. and {Greco}, J.~P. and {Greenfield}, P. and
         {Groener}, A.~M. and {Grollier}, F. and {Hagen}, A. and {Hirst}, P. and
         {Homeier}, D. and {Horton}, A.~J. and {Hosseinzadeh}, G. and {Hu}, L. and
         {Hunkeler}, J.~S. and {Ivezi{\'c}}, {\v{Z}}. and {Jain}, A. and
         {Jenness}, T. and {Kanarek}, G. and {Kendrew}, S. and {Kern}, N.~S. and
         {Kerzendorf}, W.~E. and {Khvalko}, A. and {King}, J. and {Kirkby}, D. and
         {Kulkarni}, A.~M. and {Kumar}, A. and {Lee}, A. and {Lenz}, D. and
         {Littlefair}, S.~P. and {Ma}, Z. and {Macleod}, D.~M. and
         {Mastropietro}, M. and {McCully}, C. and {Montagnac}, S. and
         {Morris}, B.~M. and {Mueller}, M. and {Mumford}, S.~J. and {Muna}, D. and
         {Murphy}, N.~A. and {Nelson}, S. and {Nguyen}, G.~H. and
         {Ninan}, J.~P. and {N{\"o}the}, M. and {Ogaz}, S. and {Oh}, S. and
         {Parejko}, J.~K. and {Parley}, N. and {Pascual}, S. and {Patil}, R. and
         {Patil}, A.~A. and {Plunkett}, A.~L. and {Prochaska}, J.~X. and
         {Rastogi}, T. and {Reddy Janga}, V. and {Sabater}, J. and
         {Sakurikar}, P. and {Seifert}, M. and {Sherbert}, L.~E. and
         {Sherwood-Taylor}, H. and {Shih}, A.~Y. and {Sick}, J. and
         {Silbiger}, M.~T. and {Singanamalla}, S. and {Singer}, L.~P. and
         {Sladen}, P.~H. and {Sooley}, K.~A. and {Sornarajah}, S. and
         {Streicher}, O. and {Teuben}, P. and {Thomas}, S.~W. and
         {Tremblay}, G.~R. and {Turner}, J.~E.~H. and {Terr{\'o}n}, V. and
         {van Kerkwijk}, M.~H. and {de la Vega}, A. and {Watkins}, L.~L. and
         {Weaver}, B.~A. and {Whitmore}, J.~B. and {Woillez}, J. and
         {Zabalza}, V. and {Astropy Contributors}},
        title = "{The Astropy Project: Building an Open-science Project and Status of the v2.0 Core Package}",
      journal = {\aj},
     keywords = {methods: data analysis, methods: miscellaneous, methods: statistical, reference systems, Astrophysics - Instrumentation and Methods for Astrophysics},
         year = 2018,
        month = sep,
       volume = {156},
       number = {3},
          eid = {123},
        pages = {123},
          doi = {10.3847/1538-3881/aabc4f},
archivePrefix = {arXiv},
       eprint = {1801.02634},
 primaryClass = {astro-ph.IM},
       adsurl = {https://ui.adsabs.harvard.edu/abs/2018AJ....156..123A},
      adsnote = {Provided by the SAO/NASA Astrophysics Data System}
}

@article{DALCIN20111124,
title = {Parallel distributed computing using Python},
journal = {Advances in Water Resources},
volume = {34},
number = {9},
pages = {1124-1139},
year = {2011},
note = {New Computational Methods and Software Tools},
issn = {0309-1708},
doi = {https://doi.org/10.1016/j.advwatres.2011.04.013},
url = {https://www.sciencedirect.com/science/article/pii/S0309170811000777},
author = {Lisandro D. Dalcin and Rodrigo R. Paz and Pablo A. Kler and Alejandro Cosimo},
keywords = {Python, MPI, PETSc},
abstract = {This work presents two software components aimed to relieve the costs of accessing high-performance parallel computing resources within a Python programming environment: MPI for Python and PETSc for Python. MPI for Python is a general-purpose Python package that provides bindings for the Message Passing Interface (MPI) standard using any back-end MPI implementation. Its facilities allow parallel Python programs to easily exploit multiple processors using the message passing paradigm. PETSc for Python provides access to the Portable, Extensible Toolkit for Scientific Computation (PETSc) libraries. Its facilities allow sequential and parallel Python applications to exploit state of the art algorithms and data structures readily available in PETSc for the solution of large-scale problems in science and engineering. MPI for Python and PETSc for Python are fully integrated to PETSc-FEM, an MPI and PETSc based parallel, multiphysics, finite elements code developed at CIMEC laboratory. This software infrastructure supports research activities related to simulation of fluid flows with applications ranging from the design of microfluidic devices for biochemical analysis to modeling of large-scale stream/aquifer interactions.}
}

@ARTICLE{2020SciPy-NMeth,
  author  = {Virtanen, Pauli and Gommers, Ralf and Oliphant, Travis E. and
            Haberland, Matt and Reddy, Tyler and Cournapeau, David and
            Burovski, Evgeni and Peterson, Pearu and Weckesser, Warren and
            Bright, Jonathan and {van der Walt}, St{\'e}fan J. and
            Brett, Matthew and Wilson, Joshua and Millman, K. Jarrod and
            Mayorov, Nikolay and Nelson, Andrew R. J. and Jones, Eric and
            Kern, Robert and Larson, Eric and Carey, C J and
            Polat, {\.I}lhan and Feng, Yu and Moore, Eric W. and
            {VanderPlas}, Jake and Laxalde, Denis and Perktold, Josef and
            Cimrman, Robert and Henriksen, Ian and Quintero, E. A. and
            Harris, Charles R. and Archibald, Anne M. and
            Ribeiro, Ant{\^o}nio H. and Pedregosa, Fabian and
            {van Mulbregt}, Paul and {SciPy 1.0 Contributors}},
  title   = {{{SciPy} 1.0: Fundamental Algorithms for Scientific
            Computing in Python}},
  journal = {Nature Methods},
  year    = {2020},
  volume  = {17},
  pages   = {261--272},
  adsurl  = {https://rdcu.be/b08Wh},
  doi     = {10.1038/s41592-019-0686-2},
}

@ARTICLE{2020NumPy-Array,
  author  = {Harris, Charles R. and Millman, K. Jarrod and
            van der Walt, Stéfan J and Gommers, Ralf and
            Virtanen, Pauli and Cournapeau, David and
            Wieser, Eric and Taylor, Julian and Berg, Sebastian and
            Smith, Nathaniel J. and Kern, Robert and Picus, Matti and
            Hoyer, Stephan and van Kerkwijk, Marten H. and
            Brett, Matthew and Haldane, Allan and
            Fernández del Río, Jaime and Wiebe, Mark and
            Peterson, Pearu and Gérard-Marchant, Pierre and
            Sheppard, Kevin and Reddy, Tyler and Weckesser, Warren and
            Abbasi, Hameer and Gohlke, Christoph and
            Oliphant, Travis E.},
  title   = {Array programming with {NumPy}},
  journal = {Nature},
  year    = {2020},
  volume  = {585},
  pages   = {357–362},
  doi     = {10.1038/s41586-020-2649-2}
}

@misc{pytest6.2,
  title =        {pytest 6.2},
  author = {Krekel, Holger and Oliveira, Bruno and Pfannschmidt, Ronny and Bruynooghe, Floris and Laugher, Brianna and Bruhin, Florian},
  year =         {2004},
  url = {https://github.com/pytest-dev/pytest},
}

@software{eric_mandel_2022_6675771,
  author       = {Eric Mandel and
                  Alexey Vikhlinin},
  title        = {emandel/js9: v3.8},
  month        = jun,
  year         = 2022,
  publisher    = {Zenodo},
  version      = {v3.8},
  doi          = {10.5281/zenodo.6675771},
  url          = {https://doi.org/10.5281/zenodo.6675771}
}

@online{plotly,
    author = {{Plotly Technologies Inc.}},
    title = {Collaborative data science},
    publisher = {Plotly Technologies Inc.},
    address = {Montreal, QC},
    year = {2015},
    url = {https://plot.ly} }

@ARTICLE{2020arXiv201203505L,
       author = {{Lam}, Marco C and {Smith}, Robert J and {Veitch-Michaelis}, Josh and {Steele}, Iain A and {McWhirter}, Paul R},
        title = "{An update on the development of ASPIRED}",
      journal = {arXiv e-prints},
     keywords = {Astrophysics - Instrumentation and Methods for Astrophysics},
         year = 2020,
        month = dec,
          eid = {arXiv:2012.03505},
        pages = {arXiv:2012.03505},
archivePrefix = {arXiv},
       eprint = {2012.03505},
 primaryClass = {astro-ph.IM},
       adsurl = {https://ui.adsabs.harvard.edu/abs/2020arXiv201203505L},
      adsnote = {Provided by the SAO/NASA Astrophysics Data System}
}

@software{marco_2021_4463569,
  author       = {{Lam}, Marco C},
  title        = {{cylammarco/ASPIRED: Initial Development Release 
                   v0.3.1}},
  month        = jan,
  year         = 2021,
  publisher    = {Zenodo},
  version      = {0.3.1},
  doi          = {10.5281/zenodo.4463569},
  url          = {https://doi.org/10.5281/zenodo.4463569}
}

@ARTICLE{2013PASP..125.1031B,
       author = {{Brown}, T.~M. and {Baliber}, N. and {Bianco}, F.~B. and {Bowman}, M. and {Burleson}, B. and {Conway}, P. and {Crellin}, M. and {Depagne}, {\'E}. and {De Vera}, J. and {Dilday}, B. and {Dragomir}, D. and {Dubberley}, M. and {Eastman}, J.~D. and {Elphick}, M. and {Falarski}, M. and {Foale}, S. and {Ford}, M. and {Fulton}, B.~J. and {Garza}, J. and {Gomez}, E.~L. and {Graham}, M. and {Greene}, R. and {Haldeman}, B. and {Hawkins}, E. and {Haworth}, B. and {Haynes}, R. and {Hidas}, M. and {Hjelstrom}, A.~E. and {Howell}, D.~A. and {Hygelund}, J. and {Lister}, T.~A. and {Lobdill}, R. and {Martinez}, J. and {Mullins}, D.~S. and {Norbury}, M. and {Parrent}, J. and {Paulson}, R. and {Petry}, D.~L. and {Pickles}, A. and {Posner}, V. and {Rosing}, W.~E. and {Ross}, R. and {Sand}, D.~J. and {Saunders}, E.~S. and {Shobbrook}, J. and {Shporer}, A. and {Street}, R.~A. and {Thomas}, D. and {Tsapras}, Y. and {Tufts}, J.~R. and {Valenti}, S. and {Vander Horst}, K. and {Walker}, Z. and {White}, G. and {Willis}, M.},
        title = "{Las Cumbres Observatory Global Telescope Network}",
      journal = {\pasp},
     keywords = {Astrophysics - Instrumentation and Methods for Astrophysics},
         year = 2013,
        month = sep,
       volume = {125},
       number = {931},
        pages = {1031},
          doi = {10.1086/673168},
archivePrefix = {arXiv},
       eprint = {1305.2437},
 primaryClass = {astro-ph.IM},
       adsurl = {https://ui.adsabs.harvard.edu/abs/2013PASP..125.1031B},
      adsnote = {Provided by the SAO/NASA Astrophysics Data System}
}

@ARTICLE{2004PASP..116..425H,
       author = {{Hook}, I.~M. and {J{\o}rgensen}, Inger and {Allington-Smith}, J.~R. and {Davies}, R.~L. and {Metcalfe}, N. and {Murowinski}, R.~G. and {Crampton}, D.},
        title = "{The Gemini-North Multi-Object Spectrograph: Performance in Imaging, Long-Slit, and Multi-Object Spectroscopic Modes}",
      journal = {\pasp},
     keywords = {Instrumentation: Spectrographs},
         year = 2004,
        month = may,
       volume = {116},
       number = {819},
        pages = {425-440},
          doi = {10.1086/383624},
       adsurl = {https://ui.adsabs.harvard.edu/abs/2004PASP..116..425H},
      adsnote = {Provided by the SAO/NASA Astrophysics Data System}
}

@INPROCEEDINGS{2000SPIE.4008..623C,
       author = {{Cepa}, Jordi and {Aguiar}, Marta and {Escalera}, Victor G. and {Gonzalez-Serrano}, Ignacio and {Joven-Alvarez}, Enrique and {Peraza}, Lorenzo and {Rasilla}, Jose Luis and {Rodriguez-Ramos}, Luis F. and {Gonzalez}, J. Jesus and {Cobos Duenas}, Francisco J. and {Sanchez}, Beatriz and {Tejada}, Carlos and {Bland-Hawthorn}, Joss and {Militello}, Carmelo and {Rosa}, Fernando},
        title = "{OSIRIS tunable imager and spectrograph}",
    booktitle = {Optical and IR Telescope Instrumentation and Detectors},
         year = 2000,
       editor = {{Iye}, Masanori and {Moorwood}, Alan F.},
       series = {Society of Photo-Optical Instrumentation Engineers (SPIE) Conference Series},
       volume = {4008},
        month = aug,
        pages = {623-631},
          doi = {10.1117/12.395520},
       adsurl = {https://ui.adsabs.harvard.edu/abs/2000SPIE.4008..623C},
      adsnote = {Provided by the SAO/NASA Astrophysics Data System}
}

@INPROCEEDINGS{2020ASPC..527..627V,
       author = {{Veitch{\textendash}Michaelis}, J. and {Lam}, M.~C.},
        title = "{RASCAL: Towards Automated Spectral Wavelength Calibration}",
     keywords = {Astrophysics - Instrumentation and Methods for Astrophysics},
    booktitle = {Astronomical Society of the Pacific Conference Series},
         year = 2020,
       editor = {{Pizzo}, R. and {Deul}, E.~R. and {Mol}, J.~D. and {de Plaa}, J. and {Verkouter}, H.},
       series = {Astronomical Society of the Pacific Conference Series},
       volume = {527},
        month = jan,
        pages = {627},
archivePrefix = {arXiv},
       eprint = {1912.05883},
 primaryClass = {astro-ph.IM},
       adsurl = {https://ui.adsabs.harvard.edu/abs/2020ASPC..527..627V},
      adsnote = {Provided by the SAO/NASA Astrophysics Data System}
}

@INPROCEEDINGS{2020zndo...4117517V,
       author = {{Veitch{\textendash}Michaelis}, Josh and {Lam}, Marco C.},
        title = "{Rascal}",
    booktitle = {Zenodo Software package},
         year = 2020,
       volume = {41},
        month = oct,
        pages = {17517},
          doi = {10.5281/zenodo.4117517},
       adsurl = {https://ui.adsabs.harvard.edu/abs/2020zndo...4117517V},
      adsnote = {Provided by the SAO/NASA Astrophysics Data System}
}


@ARTICLE{2018ApOpt..57.6876S,
       author = {{Song}, Qing and {Zhang}, Tian and {Wang}, Zhihui and {Zhang}, Shihui and {Yang}, Lu},
        title = "{Intelligent and automatic wavelength calibration method}",
      journal = {\ao},
         year = 2018,
        month = aug,
       volume = {57},
       number = {24},
        pages = {6876},
          doi = {10.1364/AO.57.006876},
       adsurl = {https://ui.adsabs.harvard.edu/abs/2018ApOpt..57.6876S},
      adsnote = {Provided by the SAO/NASA Astrophysics Data System}
}


@article{fischler_bolles_1981,
  added-at = {2013-12-10T15:04:12.000+0100},
  author = {Fischler, M. and Bolles, R.},
  biburl = {https://www.bibsonomy.org/bibtex/2cf7f4278e6687a425dbe2374f5b84d07/anas.razeq},
  interhash = {8a99a961293d8dfe59a1f0838d77a24a},
  intrahash = {cf7f4278e6687a425dbe2374f5b84d07},
  journal = { Communications of the ACM},
  keywords = {RANSAC},
  number = { 6},
  pages = { 381-395},
  timestamp = {2013-12-10T15:04:12.000+0100},
  title = { Random Sample Consensus: A Paradigm for Model Fitting with Applications to Image Analysis and Automated Cartography},
  url = {/brokenurl# http://publication.wilsonwong.me/load.php?id=233282275},
  volume = { 24},
  year = { 1981}
}

@misc{matt_craig_2017_1069648,
    author       = {Matt Craig and Steve Crawford and Michael Seifert and
                    Thomas Robitaille and Brigitta Sip{\H o}cz and
                    Josh Walawender and Z\`e Vin{\'{\i}}cius and Joe Philip Ninan and Michael Droettboom and Jiyong Youn and
                    Erik Tollerud and Erik Bray and
                    Nathan Walker and VSN Reddy Janga and
                    Connor Stotts and Hans Moritz G{\"u}nther and Evert Rol and
                    Yoonsoo P. Bach and Larry Bradley and Christoph Deil and
                    Adrian Price-Whelan and Kyle Barbary and Anthony Horton and
                    William Schoenell and Nathan Heidt and Forrest Gasdia and
                    Stefan Nelson and Ole Streicher},
    title        = {astropy/ccdproc: v1.3.0.post1},
    month        = dec,
    year         = 2017,
    doi          = {10.5281/zenodo.1069648},
    url          = {https://doi.org/10.5281/zenodo.1069648}
}

@ARTICLE{2017arXiv170505165C,
       author = {{Carnall}, A.~C.},
        title = "{SpectRes: A Fast Spectral Resampling Tool in Python}",
      journal = {arXiv e-prints},
     keywords = {Astrophysics - Instrumentation and Methods for Astrophysics, Astrophysics - Astrophysics of Galaxies},
         year = 2017,
        month = may,
          eid = {arXiv:1705.05165},
        pages = {arXiv:1705.05165},
archivePrefix = {arXiv},
       eprint = {1705.05165},
 primaryClass = {astro-ph.IM},
       adsurl = {https://ui.adsabs.harvard.edu/abs/2017arXiv170505165C},
      adsnote = {Provided by the SAO/NASA Astrophysics Data System}
}

@inproceedings{seabold2010statsmodels,
  title={statsmodels: Econometric and statistical modeling with python},
  author={Seabold, Skipper and Perktold, Josef},
  booktitle={9th Python in Science Conference},
  year={2010},
}

@software{curtis_mccully_2018_1482019,
  author       = {Curtis McCully and
                  Steve Crawford and
                  Gabor Kovacs and
                  Erik Tollerud and
                  Edward Betts and
                  Larry Bradley and
                  Matt Craig and
                  James Turner and
                  Ole Streicher and
                  Brigitta Sipocz and
                  Thomas Robitaille and
                  Christoph Deil},
  title        = {astropy/astroscrappy: v1.0.5 Zenodo Release},
  month        = nov,
  year         = 2018,
  publisher    = {Zenodo},
  version      = {v1.0.5},
  doi          = {10.5281/zenodo.1482019},
  url          = {https://doi.org/10.5281/zenodo.1482019}
}

@ARTICLE{2001PASP..113.1420V,
       author = {{van Dokkum}, Pieter G.},
        title = "{Cosmic-Ray Rejection by Laplacian Edge Detection}",
      journal = {\pasp},
     keywords = {Instrumentation: Detectors, Methods: Data Analysis-techniques: image processing, Astrophysics},
         year = 2001,
        month = nov,
       volume = {113},
       number = {789},
        pages = {1420-1427},
          doi = {10.1086/323894},
archivePrefix = {arXiv},
       eprint = {astro-ph/0108003},
 primaryClass = {astro-ph},
       adsurl = {https://ui.adsabs.harvard.edu/abs/2001PASP..113.1420V},
      adsnote = {Provided by the SAO/NASA Astrophysics Data System}
}

@ARTICLE{2015A&A...576A..77S,
       author = {{Smette}, A. and {Sana}, H. and {Noll}, S. and {Horst}, H. and {Kausch}, W. and {Kimeswenger}, S. and {Barden}, M. and {Szyszka}, C. and {Jones}, A.~M. and {Gallenne}, A. and {Vinther}, J. and {Ballester}, P. and {Taylor}, J.},
        title = "{Molecfit: A general tool for telluric absorption correction. I. Method and application to ESO instruments}",
      journal = {\aap},
     keywords = {radiative transfer, atmospheric effects, instrumentation: spectrographs, methods: observational, methods: data analysis, techniques: spectroscopic, Astrophysics - Instrumentation and Methods for Astrophysics},
         year = 2015,
        month = apr,
       volume = {576},
          eid = {A77},
        pages = {A77},
          doi = {10.1051/0004-6361/201423932},
archivePrefix = {arXiv},
       eprint = {1501.07239},
 primaryClass = {astro-ph.IM},
       adsurl = {https://ui.adsabs.harvard.edu/abs/2015A&A...576A..77S},
      adsnote = {Provided by the SAO/NASA Astrophysics Data System}
}

@ARTICLE{2015A&A...576A..78K,
       author = {{Kausch}, W. and {Noll}, S. and {Smette}, A. and {Kimeswenger}, S. and {Barden}, M. and {Szyszka}, C. and {Jones}, A.~M. and {Sana}, H. and {Horst}, H. and {Kerber}, F.},
        title = "{Molecfit: A general tool for telluric absorption correction. II. Quantitative evaluation on ESO-VLT/X-Shooterspectra}",
      journal = {\aap},
     keywords = {radiative transfer, atmospheric effects, instrumentation: spectrographs, methods: data analysis, methods: numerical, techniques: spectroscopic, Astrophysics - Instrumentation and Methods for Astrophysics},
         year = 2015,
        month = apr,
       volume = {576},
          eid = {A78},
        pages = {A78},
          doi = {10.1051/0004-6361/201423909},
archivePrefix = {arXiv},
       eprint = {1501.07265},
 primaryClass = {astro-ph.IM},
       adsurl = {https://ui.adsabs.harvard.edu/abs/2015A&A...576A..78K},
      adsnote = {Provided by the SAO/NASA Astrophysics Data System}
}

@ARTICLE{2014A&A...567A..25N,
       author = {{Noll}, S. and {Kausch}, W. and {Kimeswenger}, S. and {Barden}, M. and {Jones}, A.~M. and {Modigliani}, A. and {Szyszka}, C. and {Taylor}, J.},
        title = "{Skycorr: A general tool for spectroscopic sky subtraction}",
      journal = {\aap},
     keywords = {atmospheric effects, radiation mechanisms: non-thermal, instrumentation: spectrographs, methods: data analysis, methods: numerical, techniques: spectroscopic, Astrophysics - Instrumentation and Methods for Astrophysics},
         year = 2014,
        month = jul,
       volume = {567},
          eid = {A25},
        pages = {A25},
          doi = {10.1051/0004-6361/201423908},
archivePrefix = {arXiv},
       eprint = {1405.3679},
 primaryClass = {astro-ph.IM},
       adsurl = {https://ui.adsabs.harvard.edu/abs/2014A&A...567A..25N},
      adsnote = {Provided by the SAO/NASA Astrophysics Data System}
}

@ARTICLE{2014A&A...561A..59Z,
       author = {{Zechmeister}, M. and {Anglada-Escud{\'e}}, G. and {Reiners}, A.},
        title = "{Flat-relative optimal extraction. A quick and efficient algorithm for stabilised spectrographs}",
      journal = {\aap},
     keywords = {instrumentation: spectrographs, methods: data analysis, techniques: image processing, techniques: radial velocities, Astrophysics - Instrumentation and Methods for Astrophysics, Astrophysics - Earth and Planetary Astrophysics, Astrophysics - Solar and Stellar Astrophysics},
         year = 2014,
        month = jan,
       volume = {561},
          eid = {A59},
        pages = {A59},
          doi = {10.1051/0004-6361/201322746},
archivePrefix = {arXiv},
       eprint = {1311.5263},
 primaryClass = {astro-ph.IM},
       adsurl = {https://ui.adsabs.harvard.edu/abs/2014A&A...561A..59Z},
      adsnote = {Provided by the SAO/NASA Astrophysics Data System}
}

@ARTICLE{1986PASP...98..609H,
       author = {{Horne}, K.},
        title = "{An optimal extraction algorithm for CCD spectroscopy.}",
      journal = {\pasp},
     keywords = {Astronomical Spectroscopy, Charge Coupled Devices, Data Reduction, Spectrum Analysis, Image Processing, Iteration, Optimization, Spatial Resolution, Stellar Spectra, Variance (Statistics), Instrumentation and Photography},
         year = 1986,
        month = jun,
       volume = {98},
        pages = {609-617},
          doi = {10.1086/131801},
       adsurl = {https://ui.adsabs.harvard.edu/abs/1986PASP...98..609H},
      adsnote = {Provided by the SAO/NASA Astrophysics Data System}
}

@ARTICLE{1989PASP..101.1032M,
       author = {{Marsh}, T.~R.},
        title = "{The Extraction of Highly Distorted Spectra}",
      journal = {\pasp},
     keywords = {Astronomical Spectroscopy, Data Reduction, Point Sources, Charge Coupled Devices, Pixels, Signal To Noise Ratios, Astronomy, ANALYTICAL METHODS},
         year = 1989,
        month = nov,
       volume = {101},
        pages = {1032},
          doi = {10.1086/132570},
       adsurl = {https://ui.adsabs.harvard.edu/abs/1989PASP..101.1032M},
      adsnote = {Provided by the SAO/NASA Astrophysics Data System}
}


@article{doi:10.1080/01621459.1979.10481038,
author = { {Cleveland}, W.~S.},
title = {Robust Locally Weighted Regression and Smoothing Scatterplots},
journal = {Journal of the American Statistical Association},
volume = {74},
number = {368},
pages = {829-836},
year  = {1979},
publisher = {Taylor & Francis},
doi = {10.1080/01621459.1979.10481038},

URL = { 
        https://www.tandfonline.com/doi/abs/10.1080/01621459.1979.10481038
    
},
eprint = { 
        https://www.tandfonline.com/doi/pdf/10.1080/01621459.1979.10481038
    
}

}


@ARTICLE{1964AnaCh..36.1627S,
       author = {{Savitzky}, A. and {Golay}, M.~J.~E.},
        title = "{Smoothing and differentiation of data by simplified least squares procedures}",
      journal = {Analytical Chemistry},
         year = 1964,
        month = jan,
       volume = {36},
        pages = {1627-1639},
       adsurl = {https://ui.adsabs.harvard.edu/abs/1964AnaCh..36.1627S},
      adsnote = {Provided by the SAO/NASA Astrophysics Data System}
}

@ARTICLE{2013A&A...549A...8B,
       author = {{Buton}, C. and {Copin}, Y. and {Aldering}, G. and {Antilogus}, P. and {Aragon}, C. and {Bailey}, S. and {Baltay}, C. and {Bongard}, S. and {Canto}, A. and {Cellier-Holzem}, F. and {Childress}, M. and {Chotard}, N. and {Fakhouri}, H.~K. and {Gangler}, E. and {Guy}, J. and {Hsiao}, E.~Y. and {Kerschhaggl}, M. and {Kowalski}, M. and {Loken}, S. and {Nugent}, P. and {Paech}, K. and {Pain}, R. and {P{\'e}contal}, E. and {Pereira}, R. and {Perlmutter}, S. and {Rabinowitz}, D. and {Rigault}, M. and {Runge}, K. and {Scalzo}, R. and {Smadja}, G. and {Tao}, C. and {Thomas}, R.~C. and {Weaver}, B.~A. and {Wu}, C. and {Nearby SuperNova Factory}},
        title = "{Atmospheric extinction properties above Mauna Kea from the Nearby SuperNova Factory spectro-photometric data set}",
      journal = {\aap},
     keywords = {atmospheric effects, instrumentation: spectrographs, methods:, observational, techniques: imaging spectroscopy, Astrophysics - Instrumentation and Methods for Astrophysics, Astrophysics - Cosmology and Nongalactic Astrophysics},
         year = 2013,
        month = jan,
       volume = {549},
          eid = {A8},
        pages = {A8},
          doi = {10.1051/0004-6361/201219834},
archivePrefix = {arXiv},
       eprint = {1210.2619},
 primaryClass = {astro-ph.IM},
       adsurl = {https://ui.adsabs.harvard.edu/abs/2013A&A...549A...8B},
      adsnote = {Provided by the SAO/NASA Astrophysics Data System}
}

@ARTICLE{2011A&A...527A..91P,
       author = {{Patat}, F. and {Moehler}, S. and {O'Brien}, K. and {Pompei}, E. and {Bensby}, T. and {Carraro}, G. and {de Ugarte Postigo}, A. and {Fox}, A. and {Gavignaud}, I. and {James}, G. and {Korhonen}, H. and {Ledoux}, C. and {Randall}, S. and {Sana}, H. and {Smoker}, J. and {Stefl}, S. and {Szeifert}, T.},
        title = "{Optical atmospheric extinction over Cerro Paranal}",
      journal = {\aap},
     keywords = {techniques: spectroscopic, Earth, site testing, atmospheric effects, Astrophysics - Instrumentation and Methods for Astrophysics, Astrophysics - Earth and Planetary Astrophysics},
         year = 2011,
        month = mar,
       volume = {527},
          eid = {A91},
        pages = {A91},
          doi = {10.1051/0004-6361/201015537},
archivePrefix = {arXiv},
       eprint = {1011.6156},
 primaryClass = {astro-ph.IM},
       adsurl = {https://ui.adsabs.harvard.edu/abs/2011A&A...527A..91P},
      adsnote = {Provided by the SAO/NASA Astrophysics Data System}
}



@ARTICLE{1992PASP..104..533H,
       author = {{Hamuy}, Mario and {Walker}, A.~R. and {Suntzeff}, N.~B. and {Gigoux}, P. and {Heathcote}, S.~R. and {Phillips}, M.~M.},
        title = "{Southern Spectrophotometric Standards. I.}",
      journal = {\pasp},
     keywords = {Astrometry, Astronomical Photometry, Astronomical Spectroscopy, Southern Sky, Stellar Spectrophotometry, Calibrating, Charge Coupled Devices, Spectral Bands, Spectral Energy Distribution, Spectrographs, Stellar Magnitude, Astronomy, STARS: FUNDAMENTAL PARAMETERS},
         year = 1992,
        month = jul,
       volume = {104},
        pages = {533},
          doi = {10.1086/133028},
       adsurl = {https://ui.adsabs.harvard.edu/abs/1992PASP..104..533H},
      adsnote = {Provided by the SAO/NASA Astrophysics Data System}
}

@ARTICLE{1994PASP..106..566H,
       author = {{Hamuy}, Mario and {Suntzeff}, N.~B. and {Heathcote}, S.~R. and {Walker}, A.~R. and {Gigoux}, P. and {Phillips}, M.~M.},
        title = "{Southern Spectrophotometric Standards. II}",
      journal = {\pasp},
     keywords = {Astronomical Photometry, Calibrating, Flux Density, Infrared Spectra, Southern Hemisphere, Spectrophotometry, Visible Spectrum, Charge Coupled Devices, Computational Grids, Data Reduction, Northern Hemisphere, Spectral Energy Distribution, Spectrographs, Stellar Magnitude, Telescopes, Ultraviolet Spectra, Astrophysics, STARS: FUNDAMENTAL PARAMETERS},
         year = 1994,
        month = jun,
       volume = {106},
        pages = {566},
          doi = {10.1086/133417},
       adsurl = {https://ui.adsabs.harvard.edu/abs/1994PASP..106..566H},
      adsnote = {Provided by the SAO/NASA Astrophysics Data System}
}

@ARTICLE{1996AJ....111.1743B,
       author = {{Bohlin}, Ralph C.},
        title = "{Spectrophotometric Standards From the Far-UV to the Near-IR on the White Dwarf Flux Scale}",
      journal = {\aj},
     keywords = {INSTRUMENTATION: SPECTROGRAPHS, TECHNIQUES: SPECTROSCOPIC},
         year = 1996,
        month = apr,
       volume = {111},
        pages = {1743},
          doi = {10.1086/117914},
       adsurl = {https://ui.adsabs.harvard.edu/abs/1996AJ....111.1743B},
      adsnote = {Provided by the SAO/NASA Astrophysics Data System}
}

@ARTICLE{1995AJ....110.1316B,
       author = {{Bohlin}, Ralph C. and {Colina}, Luis and {Finley}, David S.},
        title = "{White Dwarf Standard Stars: G191-B2B, GD 71, GD 153, HZ 43}",
      journal = {\aj},
     keywords = {WHITE DWARFS, STARS: FUNDAMENTAL PARAMETERS},
         year = 1995,
        month = sep,
       volume = {110},
        pages = {1316},
          doi = {10.1086/117606},
       adsurl = {https://ui.adsabs.harvard.edu/abs/1995AJ....110.1316B},
      adsnote = {Provided by the SAO/NASA Astrophysics Data System}
}

@ARTICLE{1990AJ.....99.1621O,
       author = {{Oke}, J.~B.},
        title = "{Faint Spectrophotometric Standard Stars}",
      journal = {\aj},
     keywords = {Faint Objects, Stellar Spectrophotometry, Calibrating, Charge Coupled Devices, Hubble Space Telescope, Iue, Spectral Energy Distribution, Astronomy, PHOTOMETRY},
         year = 1990,
        month = may,
       volume = {99},
        pages = {1621},
          doi = {10.1086/115444},
       adsurl = {https://ui.adsabs.harvard.edu/abs/1990AJ.....99.1621O},
      adsnote = {Provided by the SAO/NASA Astrophysics Data System}
}

@ARTICLE{2014A&A...568A...9M,
       author = {{Moehler}, S. and {Modigliani}, A. and {Freudling}, W. and {Giammichele}, N. and {Gianninas}, A. and {Gonneau}, A. and {Kausch}, W. and {Lan{\c{c}}on}, A. and {Noll}, S. and {Rauch}, T. and {Vinther}, J.},
        title = "{Flux calibration of medium-resolution spectra from 300 nm to 2500 nm: Model reference spectra and telluric correction}",
      journal = {\aap},
     keywords = {standards, techniques: spectroscopic, Astrophysics - Instrumentation and Methods for Astrophysics, Astrophysics - Solar and Stellar Astrophysics},
         year = 2014,
        month = aug,
       volume = {568},
          eid = {A9},
        pages = {A9},
          doi = {10.1051/0004-6361/201423790},
archivePrefix = {arXiv},
       eprint = {1408.1797},
 primaryClass = {astro-ph.IM},
       adsurl = {https://ui.adsabs.harvard.edu/abs/2014A&A...568A...9M},
      adsnote = {Provided by the SAO/NASA Astrophysics Data System}
}

@ARTICLE{2014Msngr.158...16M,
       author = {{Moehler}, S. and {Modigliani}, A. and {Freudling}, W. and {Giammichele}, N. and {Gianninas}, A. and {Gonneau}, A. and {Kausch}, W. and {Lan{\c{c}}on}, A. and {Noll}, S. and {Rauch}, T. and {Vinther}, J.},
        title = "{Flux Calibration of Medium Resolution Spectra from 300 nm to 2500 nm {\textemdash} Model Reference Spectra and Telluric Correction}",
      journal = {The Messenger},
         year = 2014,
        month = dec,
       volume = {158},
        pages = {16-20},
       adsurl = {https://ui.adsabs.harvard.edu/abs/2014Msngr.158...16M},
      adsnote = {Provided by the SAO/NASA Astrophysics Data System}
}

@ARTICLE{1977ApJ...218..767S,
       author = {{Stone}, R.~P.~S.},
        title = "{Spectral energy distributions of standard stars of intermediate brightness. II.}",
      journal = {\apj},
         year = 1977,
        month = dec,
       volume = {218},
        pages = {767-769},
          doi = {10.1086/155732},
       adsurl = {https://ui.adsabs.harvard.edu/abs/1977ApJ...218..767S},
      adsnote = {Provided by the SAO/NASA Astrophysics Data System}
}

@ARTICLE{1983ApJ...266..713O,
       author = {{Oke}, J.~B. and {Gunn}, J.~E.},
        title = "{Secondary standard stars for absolute spectrophotometry.}",
      journal = {\apj},
     keywords = {Reference Stars, Spectral Energy Distribution, Stellar Spectrophotometry, Subdwarf Stars, Calibrating, Line Spectra, Astronomy},
         year = 1983,
        month = mar,
       volume = {266},
        pages = {713-717},
          doi = {10.1086/160817},
       adsurl = {https://ui.adsabs.harvard.edu/abs/1983ApJ...266..713O},
      adsnote = {Provided by the SAO/NASA Astrophysics Data System}
}

@ARTICLE{1988ApJ...328..315M,
       author = {{Massey}, Philip and {Strobel}, Kevin and {Barnes}, Jeannette V. and {Anderson}, Edwin},
        title = "{Spectrophotometric Standards}",
      journal = {\apj},
     keywords = {Reference Stars, Spectrum Analysis, Stellar Physics, Stellar Spectra, Stellar Spectrophotometry, Bandpass Filters, Charge Coupled Devices, Standards, Stellar Color, Stellar Magnitude, Astronomy, SPECTROPHOTOMETRY},
         year = 1988,
        month = may,
       volume = {328},
        pages = {315},
          doi = {10.1086/166294},
       adsurl = {https://ui.adsabs.harvard.edu/abs/1988ApJ...328..315M},
      adsnote = {Provided by the SAO/NASA Astrophysics Data System}
}

@ARTICLE{1984PASP...96..530F,
       author = {{Filippenko}, A. and {Greenstein}, J.~L.},
        title = "{Faint spectrophotometric standard stars for large optical telescopes.I.}",
      journal = {\pasp},
     keywords = {Reference Stars, Spectroscopic Telescopes, Stellar Spectrophotometry, White Dwarf Stars, Error Analysis, Spectral Energy Distribution, Astronomy},
         year = 1984,
        month = jul,
       volume = {96},
        pages = {530-536},
          doi = {10.1086/131372},
       adsurl = {https://ui.adsabs.harvard.edu/abs/1984PASP...96..530F},
      adsnote = {Provided by the SAO/NASA Astrophysics Data System}
}

@ARTICLE{2020MNRAS.493.6001L,
       author = {{Lam}, M.~C. and {Hambly}, N.~C. and {Lodieu}, N. and {Blouin}, S. and {Harvey}, E.~J. and {Smith}, R.~J. and {G{\'a}lvez-Ortiz}, M.~C. and {Zhang}, Z.~H.},
        title = "{First discovery of an ultra-cool white dwarf benchmark in common proper motion with an M dwarf}",
      journal = {\mnras},
     keywords = {binaries: visual, stars: low-mass, white dwarfs, solar neighbourhood, Astrophysics - Solar and Stellar Astrophysics, Astrophysics - Earth and Planetary Astrophysics, Astrophysics - Astrophysics of Galaxies},
         year = 2020,
        month = apr,
       volume = {493},
       number = {4},
        pages = {6001-6010},
          doi = {10.1093/mnras/staa584},
archivePrefix = {arXiv},
       eprint = {2002.11014},
 primaryClass = {astro-ph.SR},
       adsurl = {https://ui.adsabs.harvard.edu/abs/2020MNRAS.493.6001L},
      adsnote = {Provided by the SAO/NASA Astrophysics Data System}
}


@INPROCEEDINGS{2022ASPC..532..559B,
       author = {{Berry}, David and {Graves}, Sarah and {Bell}, Graham S. and {Currie}, Malcolm and {Draper}, Peter and {Jenness}, Tim},
        title = "{Starlink - The Original and Best}",
    booktitle = {Astronomical Society of the Pacific Conference Series},
         year = 2022,
       editor = {{Ruiz}, Jose Enrique and {Pierfedereci}, Francesco and {Teuben}, Peter},
       series = {Astronomical Society of the Pacific Conference Series},
       volume = {532},
        month = jul,
        pages = {559},
       adsurl = {https://ui.adsabs.harvard.edu/abs/2022ASPC..532..559B},
      adsnote = {Provided by the SAO/NASA Astrophysics Data System}
}

@software{pickering_timothy_2022_7007991,
  author       = {Pickering, Timothy and
                  Conroy, Kyle and
                  Otor, O. Justin and
                  Tollerud, Erik},
  title        = {Specreduce},
  month        = aug,
  year         = 2022,
  note         = {{If you use Specreduce for work/research presented 
                   in a publication (whether directly, or as a
                   dependency to another package), please cite the
                   Zenodo DOI for the appropriate version of
                   Specreduce.}},
  publisher    = {Zenodo},
  version      = {v1.1.0},
  doi          = {10.5281/zenodo.7007991},
  url          = {https://doi.org/10.5281/zenodo.7007991}
}

@INPROCEEDINGS{2008SPIE.7014E..6XB,
       author = {{Benn}, Chris and {Dee}, Kevin and {Ag{\'o}cs}, Tibor},
        title = "{ACAM: a new imager/spectrograph for the William Herschel Telescope}",
    booktitle = {Ground-based and Airborne Instrumentation for Astronomy II},
         year = 2008,
       editor = {{McLean}, Ian S. and {Casali}, Mark M.},
       series = {Society of Photo-Optical Instrumentation Engineers (SPIE) Conference Series},
       volume = {7014},
        month = jul,
          eid = {70146X},
        pages = {70146X},
          doi = {10.1117/12.788694},
       adsurl = {https://ui.adsabs.harvard.edu/abs/2008SPIE.7014E..6XB},
      adsnote = {Provided by the SAO/NASA Astrophysics Data System}
}

@INPROCEEDINGS{1999ldss.work..157M,
       author = {{Molinari}, Emilio and {Conconi}, Paolo and {Pucillo}, Mauro and {Monai}, Sergio},
        title = "{Galileo \& d.o.lo.res.}",
    booktitle = {Looking Deep in the Southern Sky},
         year = 1999,
       editor = {{Morganti}, R. and {Couch}, W.~J.},
        month = jan,
        pages = {157},
       adsurl = {https://ui.adsabs.harvard.edu/abs/1999ldss.work..157M},
      adsnote = {Provided by the SAO/NASA Astrophysics Data System}
}

@INPROCEEDINGS{2003ASPC..295..489J,
       author = {{Joye}, W.~A. and {Mandel}, E.},
        title = "{New Features of SAOImage DS9}",
    booktitle = {Astronomical Data Analysis Software and Systems XII},
         year = 2003,
       editor = {{Payne}, H.~E. and {Jedrzejewski}, R.~I. and {Hook}, R.~N.},
       series = {Astronomical Society of the Pacific Conference Series},
       volume = {295},
        month = jan,
        pages = {489},
       adsurl = {https://ui.adsabs.harvard.edu/abs/2003ASPC..295..489J},
      adsnote = {Provided by the SAO/NASA Astrophysics Data System}
}

@ARTICLE{2017ApJ...848L..32M,
       author = {{McCully}, Curtis and {Hiramatsu}, Daichi and {Howell}, D. Andrew and {Hosseinzadeh}, Griffin and {Arcavi}, Iair and {Kasen}, Daniel and {Barnes}, Jennifer and {Shara}, Michael M. and {Williams}, Ted B. and {V{\"a}is{\"a}nen}, Petri and {Potter}, Stephen B. and {Romero-Colmenero}, Encarni and {Crawford}, Steven M. and {Buckley}, David A.~H. and {Cooke}, Jeffery and {Andreoni}, Igor and {Pritchard}, Tyler A. and {Mao}, Jirong and {Gromadzki}, Mariusz and {Burke}, Jamison},
        title = "{The Rapid Reddening and Featureless Optical Spectra of the Optical Counterpart of GW170817, AT 2017gfo, during the First Four Days}",
      journal = {\apjl},
     keywords = {binaries: close, gamma-ray burst: individual: GRB 170817A, GRB 130603B, gravitational waves, stars: neutron, stars: winds, outflows, Astrophysics - High Energy Astrophysical Phenomena},
         year = 2017,
        month = oct,
       volume = {848},
       number = {2},
          eid = {L32},
        pages = {L32},
          doi = {10.3847/2041-8213/aa9111},
archivePrefix = {arXiv},
       eprint = {1710.05853},
 primaryClass = {astro-ph.HE},
       adsurl = {https://ui.adsabs.harvard.edu/abs/2017ApJ...848L..32M},
      adsnote = {Provided by the SAO/NASA Astrophysics Data System}
}

@ARTICLE{2017Natur.551..210A,
       author = {{Arcavi}, Iair and {Howell}, D. Andrew and {Kasen}, Daniel and {Bildsten}, Lars and {Hosseinzadeh}, Griffin and {McCully}, Curtis and {Wong}, Zheng Chuen and {Katz}, Sarah Rebekah and {Gal-Yam}, Avishay and {Sollerman}, Jesper and {Taddia}, Francesco and {Leloudas}, Giorgos and {Fremling}, Christoffer and {Nugent}, Peter E. and {Horesh}, Assaf and {Mooley}, Kunal and {Rumsey}, Clare and {Cenko}, S. Bradley and {Graham}, Melissa L. and {Perley}, Daniel A. and {Nakar}, Ehud and {Shaviv}, Nir J. and {Bromberg}, Omer and {Shen}, Ken J. and {Ofek}, Eran O. and {Cao}, Yi and {Wang}, Xiaofeng and {Huang}, Fang and {Rui}, Liming and {Zhang}, Tianmeng and {Li}, Wenxiong and {Li}, Zhitong and {Zhang}, Jujia and {Valenti}, Stefano and {Guevel}, David and {Shappee}, Benjamin and {Kochanek}, Christopher S. and {Holoien}, Thomas W. -S. and {Filippenko}, Alexei V. and {Fender}, Rob and {Nyholm}, Anders and {Yaron}, Ofer and {Kasliwal}, Mansi M. and {Sullivan}, Mark and {Blagorodnova}, Nadja and {Walters}, Richard S. and {Lunnan}, Ragnhild and {Khazov}, Danny and {Andreoni}, Igor and {Laher}, Russ R. and {Konidaris}, Nick and {Wozniak}, Przemek and {Bue}, Brian},
        title = "{Energetic eruptions leading to a peculiar hydrogen-rich explosion of a massive star}",
      journal = {\nat},
     keywords = {Astrophysics - High Energy Astrophysical Phenomena, Astrophysics - Solar and Stellar Astrophysics},
         year = 2017,
        month = nov,
       volume = {551},
       number = {7679},
        pages = {210-213},
          doi = {10.1038/nature24030},
archivePrefix = {arXiv},
       eprint = {1711.02671},
 primaryClass = {astro-ph.HE},
       adsurl = {https://ui.adsabs.harvard.edu/abs/2017Natur.551..210A},
      adsnote = {Provided by the SAO/NASA Astrophysics Data System}
}

@ARTICLE{2020MNRAS.499.2959H,
       author = {{Harvey}, E.~J. and {Redman}, M.~P. and {Boumis}, P. and {Akras}, S. and {Fitzgerald}, K. and {Dulaimi}, S. and {Williams}, S.~C. and {Darnley}, M.~J. and {Lam}, M.~C. and {Kopsacheili}, M. and {Derlopa}, S.},
        title = "{Two new nova shells associated with V4362 Sagittarii and DO Aquilae}",
      journal = {\mnras},
     keywords = {line: profiles, (stars:) circumstellar matter, stars: distances, transients: novae, Astrophysics - Solar and Stellar Astrophysics, Astrophysics - Astrophysics of Galaxies, Astrophysics - Instrumentation and Methods for Astrophysics, 85-11},
         year = 2020,
        month = dec,
       volume = {499},
       number = {2},
        pages = {2959-2976},
          doi = {10.1093/mnras/staa2896},
archivePrefix = {arXiv},
       eprint = {2009.08272},
 primaryClass = {astro-ph.SR},
       adsurl = {https://ui.adsabs.harvard.edu/abs/2020MNRAS.499.2959H},
      adsnote = {Provided by the SAO/NASA Astrophysics Data System}
}

@ARTICLE{2020MNRAS.496.1243G,
       author = {{Green}, Matthew J. and {Marsh}, Thomas R. and {Carter}, Philip J. and {Steeghs}, Danny and {Breedt}, Elm{\'e} and {Dhillon}, V.~S. and {Littlefair}, S.~P. and {Parsons}, Steven G. and {Kerry}, Paul and {Gentile Fusillo}, Nicola P. and {Ashley}, R.~P. and {Bours}, Madelon C.~P. and {Cunningham}, Tim and {Dyer}, Martin J. and {G{\"a}nsicke}, Boris T. and {Izquierdo}, Paula and {Pala}, Anna F. and {Pattama}, Chuangwit and {Outmani}, Sabrina and {Sahman}, David I. and {Sukaum}, Boonchoo and {Wild}, James},
        title = "{Spectroscopic and photometric periods of six ultracompact accreting binaries}",
      journal = {\mnras},
     keywords = {white dwarfs, binaries: close, Novae, stars: dwarf novae, cataclysmic variables, Astrophysics - Solar and Stellar Astrophysics, Astrophysics - High Energy Astrophysical Phenomena},
         year = 2020,
        month = aug,
       volume = {496},
       number = {2},
        pages = {1243-1261},
          doi = {10.1093/mnras/staa1509},
archivePrefix = {arXiv},
       eprint = {2005.12616},
 primaryClass = {astro-ph.SR},
       adsurl = {https://ui.adsabs.harvard.edu/abs/2020MNRAS.496.1243G},
      adsnote = {Provided by the SAO/NASA Astrophysics Data System}
}

@MISC{2019ascl.soft07012M,
       author = {{Marsh}, Tom},
        title = "{molly: 1D astronomical spectra analyzer}",
     keywords = {Software},
 howpublished = {Astrophysics Source Code Library, record ascl:1907.012},
         year = 2019,
        month = jul,
          eid = {ascl:1907.012},
        pages = {ascl:1907.012},
archivePrefix = {ascl},
       eprint = {1907.012},
       adsurl = {https://ui.adsabs.harvard.edu/abs/2019ascl.soft07012M},
      adsnote = {Provided by the SAO/NASA Astrophysics Data System}
}

@ARTICLE{2022MNRAS.511.4971M,
       author = {{McWhirter}, Paul Ross and {Lam}, Marco C.},
        title = "{Identifying blue large amplitude pulsators from Gaia DR2 and ZTF DR3}",
      journal = {\mnras},
     keywords = {methods: data analysis, stars: early-type, stars: oscillations, stars: variables: general, Astrophysics - Solar and Stellar Astrophysics, Astrophysics - Astrophysics of Galaxies},
         year = 2022,
        month = apr,
       volume = {511},
       number = {4},
        pages = {4971-4980},
          doi = {10.1093/mnras/stac291},
archivePrefix = {arXiv},
       eprint = {2201.11862},
 primaryClass = {astro-ph.SR},
       adsurl = {https://ui.adsabs.harvard.edu/abs/2022MNRAS.511.4971M},
      adsnote = {Provided by the SAO/NASA Astrophysics Data System}
}

@ARTICLE{2022MNRAS.509.4171K,
       author = {{Keller}, Pascal M. and {Breedt}, Elm{\'e} and {Hodgkin}, Simon and {Belokurov}, Vasily and {Wild}, James and {Garc{\'\i}a-Soriano}, Ignacio and {Wise}, Jacob L.},
        title = "{Eclipsing white dwarf binaries in Gaia and the Zwicky Transient Faaccility}",
      journal = {\mnras},
     keywords = {binaries: eclipsing, white dwarfs, binaries: close, Astrophysics - Solar and Stellar Astrophysics},
         year = 2022,
        month = jan,
       volume = {509},
       number = {3},
        pages = {4171-4188},
          doi = {10.1093/mnras/stab3293},
archivePrefix = {arXiv},
       eprint = {2105.14028},
 primaryClass = {astro-ph.SR},
       adsurl = {https://ui.adsabs.harvard.edu/abs/2022MNRAS.509.4171K},
      adsnote = {Provided by the SAO/NASA Astrophysics Data System}
}

@ARTICLE{1990ApJ...358..344M,
       author = {{Massey}, Philip and {Gronwall}, Caryl},
        title = "{The Kitt Peak Spectrophotometric Standards: Extension to 1 Micron}",
      journal = {\apj},
     keywords = {Astronomical Photometry, Infrared Astronomy, Infrared Spectra, Spectrophotometry, Charge Coupled Devices, Data Reduction, Error Analysis, Stellar Magnitude, Wavelengths, Astronomy, INFRARED: SPECTRA, SPECTROPHOTOMETRY},
         year = 1990,
        month = jul,
       volume = {358},
        pages = {344},
          doi = {10.1086/168991},
       adsurl = {https://ui.adsabs.harvard.edu/abs/1990ApJ...358..344M},
      adsnote = {Provided by the SAO/NASA Astrophysics Data System}
}

@ARTICLE{1984MNRAS.206..241B,
       author = {{Baldwin}, J.~A. and {Stone}, R.~P.~S.},
        title = "{Southern spectrophotometric standards for large telescopes - II.}",
      journal = {\mnras},
     keywords = {Reference Stars, Stellar Spectra, Stellar Spectrophotometry, Telescopes, Calibrating, Interpolation, Southern Sky, Astronomy},
         year = 1984,
        month = jan,
       volume = {206},
        pages = {241-245},
          doi = {10.1093/mnras/206.2.241},
       adsurl = {https://ui.adsabs.harvard.edu/abs/1984MNRAS.206..241B},
      adsnote = {Provided by the SAO/NASA Astrophysics Data System}
}

@ARTICLE{1983MNRAS.204..347S,
       author = {{Stone}, R.~P.~S. and {Baldwin}, J.~A.},
        title = "{Southern spectrophotometric standards for large telescopes.}",
      journal = {\mnras},
     keywords = {Spectral Energy Distribution, Standards, Stellar Spectrophotometry, Telescopes, Interpolation, Southern Hemisphere, Tables (Data), White Dwarf Stars, Astronomy},
         year = 1983,
        month = jul,
       volume = {204},
        pages = {347-353},
          doi = {10.1093/mnras/204.2.347},
       adsurl = {https://ui.adsabs.harvard.edu/abs/1983MNRAS.204..347S},
      adsnote = {Provided by the SAO/NASA Astrophysics Data System}
}

@INPROCEEDINGS{2004SPIE.5492..331C,
       author = {{Clemens}, J. Christopher and {Crain}, J. Adam and {Anderson}, Robert},
        title = "{The Goodman spectrograph}",
    booktitle = {Ground-based Instrumentation for Astronomy},
         year = 2004,
       editor = {{Moorwood}, Alan F.~M. and {Iye}, Masanori},
       series = {Society of Photo-Optical Instrumentation Engineers (SPIE) Conference Series},
       volume = {5492},
        month = sep,
        pages = {331-340},
          doi = {10.1117/12.550069},
       adsurl = {https://ui.adsabs.harvard.edu/abs/2004SPIE.5492..331C},
      adsnote = {Provided by the SAO/NASA Astrophysics Data System}
}

@ARTICLE{2022A&A...657A..17B,
       author = {{Bachelet}, E. and {Zieli{\'n}ski}, P. and {Gromadzki}, M. and {Gezer}, I. and {Rybicki}, K. and {Kruszy{\'n}ska}, K. and {Ihanec}, N. and {Wyrzykowski}, {\L}. and {Street}, R.~A. and {Tsapras}, Y. and {Hundertmark}, M. and {Cassan}, A. and {Harbeck}, D. and {Rabus}, M.},
        title = "{A spectroscopic follow-up for Gaia19bld}",
      journal = {\aap},
     keywords = {gravitational lensing: micro, techniques: spectroscopic, stars: fundamental parameters, Astrophysics - Solar and Stellar Astrophysics, Astrophysics - Astrophysics of Galaxies},
         year = 2022,
        month = jan,
       volume = {657},
          eid = {A17},
        pages = {A17},
          doi = {10.1051/0004-6361/202039548},
archivePrefix = {arXiv},
       eprint = {2112.01676},
 primaryClass = {astro-ph.SR},
       adsurl = {https://ui.adsabs.harvard.edu/abs/2022A&A...657A..17B},
      adsnote = {Provided by the SAO/NASA Astrophysics Data System}
}

@Article{Hunter:2007,
  Author    = {Hunter, J. D.},
  Title     = {Matplotlib: A 2D graphics environment},
  Journal   = {Computing in Science \& Engineering},
  Volume    = {9},
  Number    = {3},
  Pages     = {90--95},
  abstract  = {Matplotlib is a 2D graphics package used for Python for
  application development, interactive scripting, and publication-quality
  image generation across user interfaces and operating systems.},
  publisher = {IEEE COMPUTER SOC},
  doi       = {10.1109/MCSE.2007.55},
  year      = 2007
}